% Referências Produções ARTHUR BOARI
		
		%------------%
		% LIVROS %
		%------------%
		
		Modelo abntex2cite
		book{passos1995,
		address={S\~ao Paulo},
		author={Luciana M. M. Passos and Albani Fonseca and Marta Chaves},
		pages={136},
		publisher={Scipione},
		subtitle={matem\’atica, segunda s\’erie, 2, primeiro grau: livro do
		professor},
		title={Alegria de saber},
		year={1995}}
		
		BOARI, A.; PERRUCINI, G. R. S. ; CARVALHO, H. L. ; CARDOSO, J. A. ; CORINTO, L. ; BARROS, L. L. ; Ferreira, N. C. ; SILVA FILHO, M. V. . Poluição Sonora: Conceitos e Práticas. 1. ed. Novas Edições Acadêmicas, 2020. 52p .
		
		@book{LivroNEPUAI,
		address={},
		author={A. Boari and G. R. S. Perrucini and H. L. Carvalho and J. A. Cardoso and L. Corinto and L. L. Barros and N. C. Ferreira and Silva, Filho, M. V.},
		pages={52},
		publisher={Novas Edições Acadêmicas},
		subtitle={Conceitos e Práticas},
		title={Poluição Sonora},
		year={2020}}
		
		BOARI, A.. Prefácio, 2020. (Prefácio, Pósfacio/Prefácio)>.
		
		@inbook{LivroNEPUAIpref,
		address={},
		author={A. Boari},
		booktitle={Poluição Sonora},
		booksubtitle={Conceitos e Práticas},
		publisher={Novas Edições Acadêmicas},
		title={Prefácio},
		year={2020}}
		