% Referências Produções ARTHUR BOARI

	%------------------------------------------%
	% RESUMOS EM CONGRESSOS %
	%------------------------------------------%

	VITOR, D. A. ; SOUZA, J. M. P. ; FLAUSINO, M. B. ; BOARI, A. ; FREITAS, D. M. A. ; FIA, R. . Identificação e avaliação da eficiência da remoção do ferro e manganês na água de abastecimento da Universidade Federal de Lavras. In: XXIX Congresso de Iniciação Científica da UFLA, 2016, Lavras. Inic. Científica - Engenharia Ambiental, 2016.

	@inproceedings{CIUFLA20161,
		address={Lavras, MG},
		author={D. A. Vitor and J. M. P. Souza and M. B. Flausino and A. Boari and D. M. A. Freitas and R. Fia},
		booktitle={Anais eletr\^onicos...},
		conference-number={29},
		conference-year={2016},
		conference-location={Lavras, MG},
		organization={Congresso de Iniciação Científica da UFLA -- CIUFLA},
		publisher={UFLA},
		title={Identificação e avaliação da eficiência da remoção do ferro e manganês na água de abastecimento da Universidade Federal de Lavras},
		url={http://www.propesq.ufpe.br/anais/anais/educ/ce04.htm},
		urlaccessdate={21 jan. 1997},
		year={2016}}
	
	LIMA, N. ; FLAUSINO, M. B. ; BOARI, A. ; VITOR, D. A. ; FREITAS, D. M. A. ; FIA, R. . Identificação de classe de qualidade da água das lagoas da UFLA. In: XXIX Congresso de Iniciação Científica da UFLA, 2016, Lavras. Inic. Científica - Engenharia Ambiental, 2016.
	
	@inproceedings{CIUFLA20162,
		address={Lavras, MG},
		author={N. Lima and M. B. Flausino and A. Boari and D. A. Vitor and D. M. A. Freitas and R. Fia},
		booktitle={Anais eletr\^onicos...},
		conference-number={29},
		conference-year={2016},
		conference-location={Lavras, MG},
		organization={Congresso de Iniciação Científica da UFLA -- CIUFLA},
		publisher={UFLA},
		title={Identificação de classe de qualidade da água das lagoas da UFLA},
		url={http://www.propesq.ufpe.br/anais/anais/educ/ce04.htm},
		urlaccessdate={21 jan. 1997},
		year={2016}}
	
		BOARI, A.; VITOR, D. A. ; SOUZA, J. M. P. ; LIMA, N. ; FREITAS, D. M. A. ; FIA, R. . Eficiência da Remoção de Cor, Turbidez, e Flutuações de pH na Estação de Tratamento de Água da Universidade Federal de Lavras. In: XXIX Congresso de Iniciação Científica da UFLA, 2016, Lavras. Inic. Científica - Engenharia Ambiental, 2016.
	
	@inproceedings{CIUFLA20163,
		address={Lavras, MG},
		author={A. Boari and D. A. Vitor and J. M. P. Souza and N. Lima and D. M. A. Freitas and R. Fia},
		booktitle={Anais eletr\^onicos...},
		conference-number={29},
		conference-year={2016},
		conference-location={Lavras, MG},
		organization={Congresso de Iniciação Científica da UFLA -- CIUFLA},
		publisher={UFLA},
		title={Eficiência da Remoção de Cor, Turbidez, e Flutuações de pH na Estação de Tratamento de Água da Universidade Federal de Lavras},
		url={http://www.propesq.ufpe.br/anais/anais/educ/ce04.htm},
		urlaccessdate={21 jan. 1997},
		year={2016}}
	
		SOUZA, J. M. P. ; BOARI, A. ; LIMA, N. ; FLAUSINO, M. B. ; FREITAS, D. M. A. ; FIA, R. . A Chuva e Sua Influência na Qualidade da Água da Barragem da UFLA. In: XXIX Congresso de Iniciação Científica da UFLA, 2016, Lavras. Inic. Científica - Engenharia Ambiental, 2016.
	
	@inproceedings{CIUFLA20164,
		address={Lavras, MG},
		author={J. M. P. Souza and A. Boari and N. Lima and M. B. Flausino and D. M. A. Freitas and R. Fia},
		booktitle={Anais eletr\^onicos...},
		conference-number={29},
		conference-year={2016},
		conference-location={Lavras, MG},
		organization={Congresso de Iniciação Científica da UFLA -- CIUFLA},
		publisher={UFLA},
		title={A Chuva e Sua Influência na Qualidade da Água da Barragem da UFLA},
		url={http://www.propesq.ufpe.br/anais/anais/educ/ce04.htm},
		urlaccessdate={21 jan. 1997},
		year={2016}}
	
		BOARI, A.; PEREIRA, J. M. ; VITOR, D. A. ; LIMA, N. ; FREITAS, D. M. A. ; ANDRADE, M. L. C. . Estudo dos sistemas de floculação e decantação de uma estação de tratamento de água. In: XXX Congresso de Iniciação Científica da UFLA, 2017, Lavras. Inic. Científica - Engenharia Ambiental, 2017.
	
	@inproceedings{CIUFLA20171,
		address={Lavras, MG},
		author={A. Boari and J. M. P. Souza and D. A. Vitor and N. Lima and  D. M. A. Freitas and M. L. C. Andrade},
		booktitle={Anais eletr\^onicos...},
		conference-number={30},
		conference-year={2017},
		conference-location={Lavras, MG},
		organization={Congresso de Iniciação Científica da UFLA -- CIUFLA},
		publisher={UFLA},
		title={Estudo dos sistemas de floculação e decantação de uma estação de tratamento de água},
		url={http://www.propesq.ufpe.br/anais/anais/educ/ce04.htm},
		urlaccessdate={21 jan. 1997},
		year={2017}}
	
	LIMA, N. ; VITOR, D. A. ; SOUZA, J. M. P. ; BOARI, A. ; FREITAS, D. M. A. ; FIA, R. . Estudo da remoção de sólidos no tratamento de água convencional. In: XXX Congresso de Iniciação Científica da UFLA, 2017, Lavras. Inic. Científica - Engenharia Ambiental, 2017.
	
	@inproceedings{CIUFLA20172,
		address={Lavras, MG},
		author={N. Lima and  D. A. Vitor and J. M. P. Souza and A. Boari and  D. M. A. Freitas and R. Fia},
		booktitle={Anais eletr\^onicos...},
		conference-number={30},
		conference-year={2017},
		conference-location={Lavras, MG},
		organization={Congresso de Iniciação Científica da UFLA -- CIUFLA},
		publisher={UFLA},
		title={Estudo da remoção de sólidos no tratamento de água convencional},
		url={http://www.propesq.ufpe.br/anais/anais/educ/ce04.htm},
		urlaccessdate={21 jan. 1997},
		year={2017}}
	
	SOUZA, J. M. P. ; BOARI, A. ; LIMA, N. ; VITOR, D. A. ; FREITAS, D. M. A. ; ANDRADE, M. L. C. . Eficiência do sistema de filtração rápida da Estação de Tratamento de Água da UFLA. In: XXX Congresso de Iniciação Científica da UFLA, 2017, Lavras. Inic. Científica - Engenharia Ambiental, 2017.
	
	@inproceedings{CIUFLA20173,
		address={Lavras, MG},
		author={J. M. P. Souza and A. Boari and  N. Lima and  D. A. Vitor and D. M. A. Freitas and M. L. C. Andrade},
		booktitle={Anais eletr\^onicos...},
		conference-number={30},
		conference-year={2017},
		conference-location={Lavras, MG},
		organization={Congresso de Iniciação Científica da UFLA -- CIUFLA},
		publisher={UFLA},
		title={Eficiência do sistema de filtração rápida da Estação de Tratamento de Água da UFLA},
		url={http://www.propesq.ufpe.br/anais/anais/educ/ce04.htm},
		urlaccessdate={21 jan. 1997},
		year={2017}}
	
	HONORATO, J. S. ; SOUZA, J. M. P. ; BOARI, A. ; LIMA, N. ; VITOR, D. A. ; FREITAS, D. M. A. . Avaliação da remoção de tensoativos em estação de tratamento de esgoto. In: XXX Congresso de Iniciação Científica da UFLA, 2017, Lavras. Inic. Científica - Engenharia Ambiental, 2017.
	
	@inproceedings{CIUFLA20174,
		address={Lavras, MG},
		author={J. S. Honorato and J. M. P. Souza and A. Boari and  N. Lima and  D. A. Vitor and D. M. A. Freitas},
		booktitle={Anais eletr\^onicos...},
		conference-number={30},
		conference-year={2017},
		conference-location={Lavras, MG},
		organization={Congresso de Iniciação Científica da UFLA -- CIUFLA},
		publisher={UFLA},
		title={Avaliação da remoção de tensoativos em estação de tratamento de esgoto},
		url={http://www.propesq.ufpe.br/anais/anais/educ/ce04.htm},
		urlaccessdate={21 jan. 1997},
		year={2017}}
	
	VITOR, D. A. ; LIMA, N. ; BOARI, A. ; PEREIRA, J. M. ; FREITAS, D. M. A. ; FIA, R. . Avaliação da remoção de fósforo na estação de tratamento de esgoto - UFLA. In: XXX Congresso de Iniciação Científica da UFLA, 2017, Lavras. Inic. Científica - Engenharia Ambiental, 2017.
	
	@inproceedings{CIUFLA20175,
		address={Lavras, MG},
		author={D. A. Vitor and N. Lima and  A. Boari and J. M. P. Souza and D. M. A. Freitas and R. Fia},
		booktitle={Anais eletr\^onicos...},
		conference-number={30},
		conference-year={2017},
		conference-location={Lavras, MG},
		organization={Congresso de Iniciação Científica da UFLA -- CIUFLA},
		publisher={UFLA},
		title={Avaliação da remoção de fósforo na estação de tratamento de esgoto - UFLA},
		url={http://www.propesq.ufpe.br/anais/anais/educ/ce04.htm},
		urlaccessdate={21 jan. 1997},
		year={2017}}
		
		VITOR, D. A. ; SOUZA, J. M. P. ; BOARI, A. ; FREITAS, D. M. A. ; FIA, R. . Avaliação e classificação da água bruta de abastecimento da UFLA. In: Congresso ABES Fenasan 2017, 2017, São Paulo, SP. Água: abastecimento, tratamento e distribuição, 2017.
		
		@inproceedings{ABES,
		address={Lavras, MG},
		author={D. A. Vitor and J. M. P. Souza andA. Boari and D. M. A. Freitas and R. Fia},
		booktitle={Anais eletr\^onicos...},
		conference-number={},
		conference-year={2017},
		conference-location={},
		organization={Congresso ABES Fenasan},
		publisher={},
		title={Avaliação e classificação da água bruta de abastecimento da UFLA},
		url={http://www.propesq.ufpe.br/anais/anais/educ/ce04.htm},
		urlaccessdate={21 jan. 1997},
		year={2017}}
		
		SOUZA, JEAN MICHEL PEREIRA ; BOARI, ARTHUR ; VITOR, DANIELA APARECIDA ; FREITAS, DYEGO MARADONA ATAIDE DE ; FIA, RONALDO . AVALIAÇÃO DA ÁGUA BRUTA E EFICIÊNCIA DE UMA ETA EM ESCALA REAL. In: IX SBEA + XV ENEEAmb + III FLES, 2017, Belo Horizonte. Blucher Engineering Proceedings, 2017. p. 709.
		
		@inproceedings{ENEEAmb,
		address={São Paulo},
		author={D. A. Vitor and J. M. P. Souza andA. Boari and D. M. A. Freitas and R. Fia},
		booktitle={Anais eletr\^onicos...},
		conference-number={},
		conference-year={2017},
		conference-location={Belo Horizonte, MG},
		organization={IX SBEA + XV ENEEAmb + III FLES},
		publisher={Blucher Engineering Proceedings},
		title={AVALIAÇÃO DA ÁGUA BRUTA E EFICIÊNCIA DE UMA ETA EM ESCALA REAL},
		url={http://www.propesq.ufpe.br/anais/anais/educ/ce04.htm},
		urlaccessdate={21 jan. 1997},
		year={2017}}
		
		Ferreira, N. C. ; BARROS, L. L. ; PERRUCINI, G. R. S. ; BOARI, A. ; PEREIRA, J. N. ; SILVA FILHO, M. V. . Avaliação dos impactos da poluição sonora na comunidade acadêmica da Universidade Federal de Lavras. In: XXXII Congresso de Iniciação Científica da UFLA, 2019, Lavras. Inic. Científica - Engenharia Ambiental, 2019.
		
		@inproceedings{CIUFLA2019,
		address={Lavras, MG},
		author={N. C. Ferreira and L. L. Barros and G. R. S. Perrucini and A. Boari and J. N. Pereira and M. V. Silva Filho},
		booktitle={Anais eletr\^onicos...},
		conference-number={32},
		conference-year={2019},
		conference-location={Lavras, MG},
		organization={Congresso de Iniciação Científica da UFLA -- CIUFLA},
		publisher={UFLA},
		title={Avaliação dos impactos da poluição sonora na comunidade acadêmica da Universidade Federal de Lavras},
		url={http://www.propesq.ufpe.br/anais/anais/educ/ce04.htm},
		urlaccessdate={21 jan. 1997},
		year={2019}}
		
		PEREIRA, J. N. ; BARROS, L. L. ; POSSATO, V. R. ; MATTOS, G. H. ; BOARI, A. ; SILVA FILHO, M. V. . Variabilidade sazonal da qualidade do ar em Belo Horizonte, Minas Gerais. In: XXXIII Congresso de Iniciação Científica da UFLA (online), 2020, Lavras. XXXIII Congresso de Iniciação Científica da UFLA, 2020.
		
		@inproceedings{CIUFLA2020,
		address={Lavras, MG},
		author={J. N. Pereira and L. L. Barros and V. R. Possato and G. H. Mattos and A. Boari and M. V. Silva Filho},
		booktitle={Anais eletr\^onicos...},
		conference-number={33},
		conference-year={2020},
		conference-location={Lavras, MG},
		organization={Congresso de Iniciação Científica da UFLA -- CIUFLA},
		publisher={UFLA},
		title={Variabilidade sazonal da qualidade do ar em Belo Horizonte, Minas Gerais},
		url={http://www.propesq.ufpe.br/anais/anais/educ/ce04.htm},
		urlaccessdate={21 jan. 1997},
		year={2020}}
		
		BOARI, A.; SILVA FILHO, M. V. . Tendência na qualidade do ar de Belo Horizonte e Vitória para 2015 a 2019. In: XXX Congresso de Pós-graduação, 2021, LAVRAS. XXX Congresso de Pós-graduação, 2021.
		
		@inproceedings{CPGUFLA2021,
		address={Lavras, MG},
		author={A. Boari and M. V. Silva Filho},
		booktitle={Anais eletr\^onicos...},
		conference-number={33},
		conference-year={20201},
		conference-location={Lavras, MG},
		organization={Congresso de Pós-graduação},
		publisher={UFLA},
		title={Tendência na qualidade do ar de Belo Horizonte e Vitória para 2015 a 2019},
		url={http://www.propesq.ufpe.br/anais/anais/educ/ce04.htm},
		urlaccessdate={21 jan. 1997},
		year={2021}}
		
		ALMEIDA, L. R. ; BARROS, L. L. ; BOARI, A. ; PEREIRA, J. N. ; MATTOS, G. H. ; SILVA FILHO, M. V. . TENDÊNCIAS DA QUALIDADE DO AR NA REGIÃO METROPOLITANA DE BELO HORIZONTE NO PERÍODO DE 2015-2019. In: XXV Encontro Latino Americano de Iniciação Científica (online), 2021. XXV Encontro Latino Americano de Iniciação Científica, 2021.
		
		@inproceedings{UNIVAP2021,
		address={},
		author={L. R. Almeida and L. L. Barros and A. Boari and J. N. Pereira and G. H. Mattos and Silva, Filho, M. V.},
		booktitle={Anais eletr\^onicos...},
		conference-number={25},
		conference-year={20201},
		conference-location={},
		organization={Encontro Latino Americano de Iniciação Científica (online)},
		publisher={UFLA},
		title={TENDÊNCIAS DA QUALIDADE DO AR NA REGIÃO METROPOLITANA DE BELO HORIZONTE NO PERÍODO DE 2015-2019},
		url={http://www.propesq.ufpe.br/anais/anais/educ/ce04.htm},
		urlaccessdate={21 jan. 1997},
		year={2021}}
		