 @article{latexd,
  title={{\LaTeX} to write a doctor thesis},
  author={Firstname Surname},
  year={2015},
 }
