% Referências Produções ARTHUR BOARI
		
		%---------------%
		% ARTIGOS %
		%---------------%
		
		
		
		POSSATO, V. R. ; PEREIRA, J. N. ; BOARI, A. ; COSTA, G. ; RIBEIRO, J. P. C. ; SILVA FILHO, M. V. . Atmospheric Pollution Reduction in São Paulo City and the Social Isolation Effect. Research Square, 2020 (Preprint).
		
		@article{PrePrintCOVID,
		address={},
		author={V. R. Possato and J. N. Pereira and A. Boari and G. Costa and J. P. C. Ribeiro and Silva Filho, M. V.},
		journal={},
		month={},
		number={},
		pages={},
		title={Atmospheric Pollution Reduction in São Paulo City and the Social Isolation Effect (Preprint)},
		volume={},
		year={},
		doi = {10.21203/rs.3.rs-34662/v1},
		url={https://assets.researchsquare.com/files/rs-34662/v1_covered.pdf?c=1631835799},
		urlacessdate={30 jul. 2022}}
		
		ROSSE, VINICIUS POSSATO ; PEREIRA, JAQUELINE NATIELE ; BOARI, ARTHUR ; COSTA, GABRIEL VINICIUS ; RIBEIRO, JOÃO PEDRO COLOMBO ; VIEIRA-FILHO, MARCELO . São Paulo?s atmospheric pollution reduction and its social isolation effect, Brazil. Air Quality, Atmosphere \& Health, v. 7, p. 45-56, 2020.
		
		@article{Rosse2021,
		author = {Rosse, Vinicius Possato and Pereira, Jaqueline Natiele and Boari, Arthur and Costa, Gabriel Vinicius and Ribeiro, Jo{\~{a}}o Pedro Colombo and Vieira-Filho, Marcelo},
		doi = {10.1007/s11869-020-00959-8},
		issn = {1873-9318},
		journal = {Air Quality, Atmosphere \& Health},
		month = {apr},
		number = {4},
		pages = {543--552},
		title = {{S{\~{a}}o Paulo's atmospheric pollution reduction and its social isolation effect, Brazil}},
		url = {https://link.springer.com/10.1007/s11869-020-00959-8},
		volume = {14},
		year = {2021}}
