 @article{latex,
  title={{\LaTeX} for the study},
  author={Firstname Surname},
  year={2014},
 }
