%% start of file `myPublications.tex'.

@inproceedings{book1,
	author = {Author, First and Author, Second},
	title = {Title},
	booktitle={Booktitle},
	organization={Organization},
	year = {1975}
}



%% end of file `myPublications.bib'.
